
@article{yang_protein_2022,
	author = {\underline{Yang, C.-T.} and Chu, Li-Kang},
	title = {Protein dynamics of human serum albumin at hypothermic temperatures investigated by temperature jump},
	journal = {Phys. Chem. Chem. Phys.},
	year = {2022},
	volume = {24},
	number = {18},
	pages = {11079--11085},
	issn = {1463-9076, 1463-9084},
	doi = {10.1039/D2CP00220E},
	url = {http://xlink.rsc.org/?DOI=D2CP00220E},
}

@article{wang_differentiating_2021,
	author = {Wang, Pei-Yun and \underline{Yang, C.-T.} and Chu, Li-Kang},
	title = {Differentiating the protein dynamics using fluorescence evolution of tryptophan residue(s): {A} comparative study of bovine and human serum albumins upon temperature jump},
	shorttitle = {Differentiating the protein dynamics using fluorescence evolution of tryptophan residue(s)},
	journal = {Chem. Phys. Lett.},
	month = oct,
	year = {2021},
	volume = {781},
	pages = {138998},
	issn = {00092614},
	doi = {10.1016/j.cplett.2021.138998},
	url = {https://linkinghub.elsevier.com/retrieve/pii/S0009261421006813},
}

@article{jian_gaseous_2021,
	author = {Jian, Hung-Yang and \underline{Yang, C.-T.} and Chu, Li-Kang},
	title = {Gaseous infrared spectra of the simplest geminal diol {CH} $_{\textrm{2}}$ ({OH}) $_{\textrm{2}}$ and the isotopic analogues in the hydration of formaldehyde},
	journal = {Phys. Chem. Chem. Phys.},
	year = {2021},
	volume = {23},
	number = {27},
	pages = {14699--14705},
	issn = {1463-9076, 1463-9084},
	url = {http://xlink.rsc.org/?DOI=D1CP01354H},
	doi = {10.1039/D1CP01354H},
}
